@MISC {271608,
    TITLE = {17 camels trick},
    AUTHOR = {Fedor Petrov (https://mathoverflow.net/users/4312/fedor-petrov)},
    HOWPUBLISHED = {MathOverflow},
    NOTE = {URL:https://mathoverflow.net/q/271608 (version: 2017-06-14)},
    EPRINT = {https://mathoverflow.net/q/271608},
    URL = {https://mathoverflow.net/q/271608}
}
